@inproceedings{shapes,
  author = {Greenman, Ben and Muehlboeck, Fabian and Tate, Ross},
  title = {Getting {F}-Bounded Polymorphism into Shape},
  booktitle = {PLDI},
  year = {2014},
},
@inproceedings{javagi,
  author    = {Stefan Wehr and
               Ralf L\"ammel and
               Peter Thiemann},
  title     = {{J}ava{GI} : Generalized Interfaces for {J}ava},
  booktitle = {ECOOP},
  year      = {2007},
},
@article{johnson,
  title={Efficient algorithms for shortest paths in sparse networks},
  author={Johnson, Donald B},
  journal={Journal of the ACM (JACM)},
  volume={24},
  number={1},
  pages={1--13},
  year={1977},
  publisher={ACM}
},
@inproceedings{osera,
  title={Dependent interoperability},
  author={Osera, Peter-Michael and Sj{\"o}berg, Vilhelm and Zdancewic, Steve},
  booktitle={PLPV},
  year={2012},
},
@incollection{matthews,
  title={Parametric polymorphism through run-time sealing or, theorems for low, low prices!},
  author={Matthews, Jacob and Ahmed, Amal},
  booktitle={Programming Languages and Systems},
  pages={16--31},
  year={2008},
  publisher={Springer}
},
@TECHREPORT{constable,
author = {Robert Constable, Mark Bickford, Robbert van Renesse},
title = {Investigating Correct-by-Construction Attack-Tolerant Systems},
year = {2010},
url = {http://hdl.handle.net/1813/23575},
institution = {Cornell University}
},
@inproceedings{ff,
  title={Contracts for higher-order functions},
  author={Findler, Robert Bruce and Felleisen, Matthias},
  booktitle={ACM SIGPLAN Notices},
  volume={37},
  pages={48--59},
  year={2002},
  organization={ACM}
},
@article{knowles,
  title={Hybrid type checking},
  author={Knowles, Kenneth and Flanagan, Cormac},
  journal={ACM Transactions on Programming Languages and Systems (TOPLAS)},
  volume={32},
  number={2},
  pages={6},
  year={2010},
  publisher={ACM}
},
@inproceedings{greenberg2015space,
  author = {Michael Greenberg},
  booktitle = {POPL},
  title = {Space-efficient Manifest Contracts},
  year = {2015}
},
@phdthesis{greenberg2013manifest,
  title={Manifest Contracts},
  author={Greenberg, Michael},
  year={2013},
  school={University of Pennsylvania}
},
@incollection{tov2010stateful,
  title={Stateful contracts for affine types},
  author={Tov, Jesse A and Pucella, Riccardo},
  booktitle={Programming Languages and Systems},
  pages={550--569},
  year={2010},
  publisher={Springer}
},
@inproceedings{furr2005checking,
  title={Checking type safety of foreign function calls},
  author={Furr, Michael and Foster, Jeffrey S},
  booktitle={TOPLAS},
  year={2005},
},
@phdthesis{tobin2010typed,
  title={Typed scheme: From scripts to programs},
  author={Tobin-Hochstadt, Sam},
  year={2010},
  type={{PhD} dissertation},
  school={Northeastern University}
},
@inproceedings{gray2005fine,
  title={Fine-grained interoperability through mirrors and contracts},
  author={Gray, Kathryn E and Findler, Robert Bruce and Flatt, Matthew},
  booktitle={OOPSLA},
  year={2005},
},
@techreport{anand2014towards,
  title={Towards a formally verified proof assistant},
  author={Anand, Abhishek and Rahli, Vincent},
  year={2014},
  institution={Technical report, Cornell University, 2014. http://www. nuprl. org/html/verification}
},
@inproceedings{perconti2014verifying,
  title={Verifying an Open Compiler Using Multi-language Semantics},
  author={Perconti, James T and Ahmed, Amal},
  booktitle={ESOP},
  year={2014},
},
@inproceedings{matthews2007operational,
  title={Operational semantics for multi-language programs},
  author={Matthews, Jacob and Findler, Robert Bruce},
  booktitle={POPL},
  year={2007},
},
@article{herman2010space,
  title={Space-efficient gradual typing},
  author={Herman, David and Tomb, Aaron and Flanagan, Cormac},
  journal={Higher-Order and Symbolic Computation},
  volume={23},
  number={2},
  pages={167--189},
  year={2010},
  publisher={Springer}
},
@book{orwell2009nineteen,
  title={Nineteen eighty-four},
  author={Orwell, George},
  year={2009},
  publisher={Random House LLC}
},
@inproceedings{leroy1994manifest,
  title={Manifest types, modules, and separate compilation},
  author={Leroy, Xavier},
  booktitle={Proceedings of the 21st ACM SIGPLAN-SIGACT symposium on Principles of programming languages},
  pages={109--122},
  year={1994},
  organization={ACM}
},
@inproceedings{anderson2014netkat,
  title={{N}et{KAT}: Semantic foundations for networks},
  author={Anderson, Carolyn Jane and Foster, Nate and Guha, Arjun and Jeannin, Jean-Baptiste and Kozen, Dexter and Schlesinger, Cole and Walker, David},
  booktitle={POPL},
  year={2014},
},
@inproceedings{foster2014coalgebraic,
  title={A coalgebraic decision procedure for {N}et{KAT}},
  author={Foster, Nate and Kozen, Dexter and Milano, Matthew and Silva, Alexandra and Thompson, Laure},
  booktitle = {POPL},
  year = {2015}
},
@inproceedings{GKM14a,
  author="Niels Bj{\o}rn Bugge Grathwohl and Dexter Kozen and Konstantinos Mamouras",
  title="{KAT + B!}",
  booktitle = "{CSL / LICS}",
  year="2014",
},
@inproceedings{felleisen2010teachscheme,
  title={Teach{S}cheme!: a checkpoint},
  author={Felleisen, Matthias},
  booktitle={ACM Sigplan Notices},
  volume={45},
  pages={129--130},
  year={2010},
  organization={ACM}
},
@misc{bootstrap,
  title={{B}ootstrap},
  key={B},
  note={Accessed: 2014-10-14},
  howpublished={\url{http://www.bootstrapworld.org}}
},
@misc{hacms,
  title={{H}igh-{A}ssurance {C}yber {M}ilitary {S}ystems ({HACMS})},
  key={H},
  note={Accessed: 2014-10-20},
  howpublished={\url{http://www.darpa.mil/Our\_Work/I2O/Programs/High-Assurance\_Cyber\_Military\_Systems\_(HACMS).aspx}}
},
@misc{hacklang,
  title={{HHVM} and {H}ack manual},
  key={I},
  note={Accessed: 2014-10-27},
  howpublished={\url{http://docs.hhvm.com/manual/en/index.php}},
},
@misc{ocamllang,
  title={The {C}aml language},
  key={O},
  note={Accessed: 2014-10-27},
  howpublished={\url{http://caml.inria.fr/}},
},
@misc{jantalk,
  title={Of Scripts and Programs: Tall Tales, Urban Legends, and Future Prospects},
  note={Accessed: 2014-10-20},
  key={P},
  howpublished={Invited talk at DLS '09: \url{https://www.cs.purdue.edu/homes/jv/talks/dls09.pdf}},
},
@misc{boa,
  title={Bank of America},
  note={Accessed: 2014-10-27},
  key={P},
  howpublished={\url{http://www.computerworlduk.com/news/applications/3452537/banks-will-stick-with-cobol-because-java-has-performance-issues-claims-quality-guru-bill-curtis/}},
}
